<?xml version="1.0" encoding="UTF-8"?><collection xmlns="http://www.loc.gov/MARC21/slim"><record><leader>00405nam--2200145-i-4500</leader><controlfield tag="001">000003054</controlfield><controlfield tag="002">20161230</controlfield><controlfield tag="005">20170224002428</controlfield><controlfield tag="008">060222s1000------------r-----000-0-eng-d</controlfield><datafield ind1=" " ind2=" " tag="100"><subfield code="a">Bergmann, L</subfield></datafield><datafield ind1=" " ind2=" " tag="245"><subfield code="a">Lehrbuch der experimentalphysik band I: Mechanik, akustik, warmelehre</subfield></datafield><datafield ind1=" " ind2=" " tag="260"><subfield code="a">Berlin</subfield><subfield code="b">W.De Gruyter</subfield><subfield code="c">1954-1956</subfield></datafield><datafield ind1=" " ind2=" " tag="700"><subfield code="a">Schaefer, Clemens</subfield></datafield><datafield ind1=" " ind2=" " tag="852"><subfield code="a">11891</subfield></datafield><datafield ind1=" " ind2=" " tag="CAT"><subfield code="a">SYS</subfield><subfield code="c">20170224</subfield><subfield code="h">002428</subfield></datafield></record></collection>